<record><leader>00000cas a2200000 a 4500</leader><controlfield tag="001">11944380</controlfield><controlfield tag="008">850420d187u187uiluwr ne      0   a0eng c</controlfield><datafield ind1=" " ind2=" " tag="010"><subfield code="a">sn 85033412 </subfield></datafield><datafield ind1=" " ind2=" " tag="040"><subfield code="a">NPU</subfield><subfield code="b">eng</subfield><subfield code="c">NPU</subfield><subfield code="d">NYS</subfield><subfield code="d">KNP</subfield><subfield code="d">NVF</subfield><subfield code="d">DLC</subfield><subfield code="d">OCLCQ</subfield><subfield code="d">NVF</subfield><subfield code="d">OCLCF</subfield><subfield code="d">OCLCO</subfield></datafield><datafield ind1=" " ind2=" " tag="042"><subfield code="a">pcc</subfield></datafield><datafield ind1=" " ind2=" " tag="043"><subfield code="a">n-us-il</subfield></datafield><datafield ind1="0" ind2=" " tag="130"><subfield code="a">Cairo bulletin (Cairo, Ill. : Weekly)</subfield></datafield><datafield ind1="1" ind2="4" tag="245"><subfield code="a">The Cairo bulletin.</subfield></datafield><datafield ind1=" " ind2=" " tag="250"><subfield code="a">Weekly ed.</subfield></datafield><datafield ind1=" " ind2=" " tag="260"><subfield code="a">Cairo, Ill. :</subfield><subfield code="b">[John H. Oberly]</subfield></datafield><datafield ind1=" " ind2=" " tag="300"><subfield code="a">v.</subfield></datafield><datafield ind1=" " ind2=" " tag="310"><subfield code="a">Weekly</subfield></datafield><datafield ind1=" " ind2=" " tag="515"><subfield code="a">No numbering.</subfield></datafield><datafield ind1=" " ind2=" " tag="580"><subfield code="a">Daily eds.: Cairo daily bulletin, 1872, and: Cairo bulletin (Cairo, Ill. : Daily), 1872-&lt;1876&gt;</subfield></datafield><datafield ind1=" " ind2=" " tag="588"><subfield code="a">Description based on: June 13, 1872.</subfield></datafield><datafield ind1=" " ind2=" " tag="588"><subfield code="a">Latest issue consulted: Aug. 3, 1876.</subfield></datafield><datafield ind1=" " ind2="0" tag="651"><subfield code="a">Cairo (Ill.)</subfield><subfield code="v">Newspapers.</subfield></datafield><datafield ind1=" " ind2="7" tag="655"><subfield code="a">Newspapers.</subfield><subfield code="2">fast</subfield><subfield code="0">(OCoLC)fst01423814</subfield></datafield><datafield ind1=" " ind2="7" tag="651"><subfield code="a">Illinois</subfield><subfield code="z">Cairo.</subfield><subfield code="2">fast</subfield><subfield code="0">(OCoLC)fst01217110</subfield></datafield><datafield ind1=" " ind2=" " tag="752"><subfield code="a">United States</subfield><subfield code="b">Illinois</subfield><subfield code="c">Alexander</subfield><subfield code="d">Cairo.</subfield></datafield><datafield ind1="1" ind2=" " tag="775"><subfield code="t">Cairo daily bulletin</subfield><subfield code="x">2163-713X</subfield><subfield code="w">(DLC)sn 88074142</subfield><subfield code="w">(OCoLC)17639891</subfield></datafield><datafield ind1="1" ind2=" " tag="775"><subfield code="t">Cairo bulletin (Cairo, Ill. : Daily)</subfield><subfield code="x">2163-4572</subfield><subfield code="w">(DLC)sn 85033413</subfield><subfield code="w">(OCoLC)11952073</subfield></datafield><datafield ind1="0" ind2="0" tag="780"><subfield code="t">Cairo weekly bulletin</subfield><subfield code="w">(DLC)sn 93055780</subfield><subfield code="w">(OCoLC)27967080</subfield></datafield><datafield ind1="0" ind2="0" tag="785"><subfield code="t">Weekly Cairo bulletin</subfield><subfield code="w">(DLC)sn 93055781</subfield><subfield code="w">(OCoLC)27967586</subfield></datafield></record>